<?xml version="1.0" encoding="UTF-8"?><record xmlns="http://www.loc.gov/MARC21/slim" xmlns:cinclude="http://apache.org/cocoon/include/1.0" xmlns:zs="http://www.loc.gov/zing/srw/">
  <leader>00645nz  a2200181n  4500</leader>
  <controlfield tag="001">no 00003753 </controlfield>
  <controlfield tag="003">DLC</controlfield>
  <controlfield tag="005">20000120070141.0</controlfield>
  <controlfield tag="008">000119n| acannaabn          |a aaa     c</controlfield>
  <datafield tag="010" ind1=" " ind2=" ">
    <subfield code="a">no 00003753 </subfield>
  </datafield>
  <datafield tag="035" ind1=" " ind2=" ">
    <subfield code="a">(OCoLC)oca05138331</subfield>
  </datafield>
  <datafield tag="040" ind1=" " ind2=" ">
    <subfield code="a">CU</subfield>
    <subfield code="b">eng</subfield>
    <subfield code="c">CU</subfield>
  </datafield>
  <datafield tag="100" ind1="1" ind2="0">
    <subfield code="a">Grevelingen, H. van,</subfield>
    <subfield code="d">1910-1947</subfield>
  </datafield>
  <datafield tag="400" ind1="1" ind2="0">
    <subfield code="a">Van Grevelingen, H.,</subfield>
    <subfield code="d">1910-1947</subfield>
  </datafield>
  <datafield tag="400" ind1="1" ind2="0">
    <subfield code="a">Verhage, J. W. C.,</subfield>
    <subfield code="d">1910-1947</subfield>
  </datafield>
  <datafield tag="400" ind1="1" ind2="0">
    <subfield code="a">Verhage, C. W. J.,</subfield>
    <subfield code="d">1910-1947</subfield>
  </datafield>
  <datafield tag="670" ind1=" " ind2=" ">
    <subfield code="a">Verzameld werk, Oorschot,:</subfield>
    <subfield code="b">t.p. (H. van Grevelingen) jkt. (1910-1947; pseudonym of J.W.C. Verhage)</subfield>
  </datafield>
  <datafield tag="670" ind1=" " ind2=" ">
    <subfield code="a">OCLC, 01/19/2000:</subfield>
    <subfield code="b">(hdg.: Verhage, C. W. J., 1908?-1947; usage: H. van Grevelingen)</subfield>
  </datafield>
</record>